@article{lemarie_OM_2015,
  title = {Stability Constraints for Oceanic Numerical Models: Implications for the Formulation of Time and Space Discretizations},
  volume = {92},
  issn = {14635003},
  shorttitle = {Stability Constraints for Oceanic Numerical Models},
  doi = {10.1016/j.ocemod.2015.06.006},
  language = {en},
  timestamp = {2018-02-11T13:32:01Z},
  urldate = {2018-02-11},
  journal = {Ocean Modelling},
  author = {Lemari{\'e}, F. and Debreu, L. and Madec, G. and Demange, J. and Molines, J.M. and Honnorat, M.},
  year = {2015},
  pages = {124--148},
  file = {Lemarie_etal_OM2015.pdf:/home/aucf/ARCHIVES/BIBLIO/Numerical_Modelling/Lemarie_etal_OM2015.pdf:application/pdf}
}
@article{skamarock_MWR_1992,
  title = {The Stability of Time-Split Numerical Methods for the Hydrostatic and the Nonhydrostatic Elastic Equations},
  volume = {120},
  timestamp = {2018-02-11T13:45:21Z},
  journal = {Monthly weather review},
  author = {Skamarock, William C. and Klemp, Joseph B.},
  year = {1992},
  pages = {2109--2127},
  file = {Skamarock_Klemp_MWR_1992.pdf:/home/aucf/ARCHIVES/BIBLIO/Numerical_Modelling/Skamarock_Klemp_MWR_1992.pdf:application/pdf}
}
@article{smith_JPO_2015,
  title = {Revisiting {{Oceanic Acoustic Gravity Surface Waves}}},
  volume = {45},
  issn = {0022-3670, 1520-0485},
  doi = {10.1175/JPO-D-14-0256.1},
  language = {en},
  timestamp = {2018-02-11T14:15:05Z},
  number = {12},
  urldate = {2018-02-11},
  journal = {Journal of Physical Oceanography},
  author = {Smith, Jerome A.},
  month = dec,
  year = {2015},
  pages = {2953--2958},
  file = {Smith_JPO_2015.pdf:/home/aucf/ARCHIVES/BIBLIO/Compressible/Smith_JPO_2015.pdf:application/pdf}
}
@article{vitousek_OM_2011,
  title = {Physical vs. Numerical Dispersion in Nonhydrostatic Ocean Modeling},
  volume = {40},
  issn = {14635003},
  doi = {10.1016/j.ocemod.2011.07.002},
  language = {en},
  timestamp = {2018-02-11T13:52:52Z},
  number = {1},
  urldate = {2018-02-11},
  journal = {Ocean Modelling},
  author = {Vitousek, Sean and Fringer, Oliver B.},
  year = {2011},
  pages = {72--86},
  file = {Vitousek_om_2011.pdf:/home/aucf/ARCHIVES/BIBLIO/NH_Modelling/Vitousek_om_2011.pdf:application/pdf}
}
@article{vitousek_IJNMF_2013,
  title = {Stability and Consistency of Nonhydrostatic Free-Surface Models Using the Semi-Implicit $\theta$ -Method},
  volume = {72},
  issn = {02712091},
  shorttitle = {Stability and Consistency of Nonhydrostatic Free-Surface Models Using the Semi-Implicit $\theta$ -Method},
  doi = {10.1002/fld.3755},
  language = {en},
  timestamp = {2018-02-11T13:53:18Z},
  number = {5},
  urldate = {2018-02-11},
  journal = {International Journal for Numerical Methods in Fluids},
  author = {Vitousek, Sean and Fringer, Oliver B.},
  year = {2013},
  pages = {550--582},
  file = {Vitousek-ijnmf-13.pdf:/home/aucf/ARCHIVES/BIBLIO/NH_Modelling/Vitousek-ijnmf-13.pdf:application/pdf}
}
